<record><leader>00000cas a22000007a 4500</leader><controlfield tag="001">29986183</controlfield><controlfield tag="008">940318d1865186unyucr ne      0    0eng d</controlfield><datafield ind1=" " ind2=" " tag="010"><subfield code="a">sn 94057739 </subfield></datafield><datafield ind1=" " ind2=" " tag="040"><subfield code="a">NYS</subfield><subfield code="b">eng</subfield><subfield code="c">NYS</subfield><subfield code="d">OCLCQ</subfield><subfield code="d">OCLCF</subfield><subfield code="d">OCLCO</subfield></datafield><datafield ind1=" " ind2=" " tag="042"><subfield code="a">msc</subfield></datafield><datafield ind1=" " ind2=" " tag="043"><subfield code="a">n-us-ny</subfield></datafield><datafield ind1="0" ind2=" " tag="130"><subfield code="a">Northern New York journal (Watertown, N.Y. : 1865)</subfield></datafield><datafield ind1="1" ind2="0" tag="245"><subfield code="a">Northern New York journal.</subfield></datafield><datafield ind1="3" ind2="0" tag="246"><subfield code="a">Northern journal</subfield></datafield><datafield ind1="3" ind2="0" tag="246"><subfield code="a">Semi weekly journal</subfield></datafield><datafield ind1="1" ind2="3" tag="246"><subfield code="a">Northern N.Y. journal</subfield></datafield><datafield ind1=" " ind2=" " tag="260"><subfield code="a">[Watertown, N.Y. :</subfield><subfield code="b">s.n.]</subfield></datafield><datafield ind1=" " ind2=" " tag="300"><subfield code="a">v.</subfield></datafield><datafield ind1=" " ind2=" " tag="310"><subfield code="a">Semiweekly</subfield></datafield><datafield ind1="1" ind2=" " tag="362"><subfield code="a">Began in 1865.</subfield></datafield><datafield ind1=" " ind2=" " tag="500"><subfield code="a">Published on Wednesday and Saturday.</subfield></datafield><datafield ind1=" " ind2=" " tag="500"><subfield code="a">"New York" appears within title ornament.</subfield></datafield><datafield ind1=" " ind2=" " tag="500"><subfield code="a">Called a "campaign paper" &lt;Oct.-Nov.&gt; 1865.</subfield></datafield><datafield ind1=" " ind2=" " tag="580"><subfield code="a">Weekly eds.: Northern New York journal (Watertown, N.Y. : 1849), 1865-1866; and: Northern New York weekly journal, &lt;1866&gt;.</subfield></datafield><datafield ind1=" " ind2=" " tag="588"><subfield code="a">Description based on: Vol. 1, no. 3 (Oct. 14, 1865).</subfield></datafield><datafield ind1=" " ind2=" " tag="588"><subfield code="a">Latest issue consulted: Vol. 1, no. 91 (Aug. 18, 1866).</subfield></datafield><datafield ind1=" " ind2="0" tag="651"><subfield code="a">Watertown (N.Y.)</subfield><subfield code="v">Newspapers.</subfield></datafield><datafield ind1=" " ind2="0" tag="651"><subfield code="a">Jefferson County (N.Y.)</subfield><subfield code="v">Newspapers.</subfield></datafield><datafield ind1=" " ind2="7" tag="655"><subfield code="a">Newspapers.</subfield><subfield code="2">fast</subfield><subfield code="0">(OCoLC)fst01423814</subfield></datafield><datafield ind1=" " ind2="7" tag="651"><subfield code="a">New York (State)</subfield><subfield code="z">Jefferson County.</subfield><subfield code="2">fast</subfield><subfield code="0">(OCoLC)fst01209430</subfield></datafield><datafield ind1=" " ind2="7" tag="651"><subfield code="a">New York (State)</subfield><subfield code="z">Watertown.</subfield><subfield code="2">fast</subfield><subfield code="0">(OCoLC)fst01221269</subfield></datafield><datafield ind1=" " ind2=" " tag="752"><subfield code="a">United States</subfield><subfield code="b">New York</subfield><subfield code="c">Jefferson</subfield><subfield code="d">Watertown.</subfield></datafield><datafield ind1="1" ind2=" " tag="775"><subfield code="t">Northern New York journal (Watertown, N.Y. : 1849)</subfield><subfield code="w">(DLC)sn 86053169</subfield><subfield code="w">(OCoLC)13280040</subfield></datafield><datafield ind1="1" ind2=" " tag="775"><subfield code="t">Northern New York weekly journal</subfield><subfield code="w">(DLC)sn 94057737</subfield><subfield code="w">(OCoLC)29985499</subfield></datafield><datafield ind1="0" ind2="0" tag="785"><subfield code="t">Northern New York semi-weekly journal</subfield><subfield code="w">(DLC)sn 94057740</subfield><subfield code="w">(OCoLC)29986184</subfield></datafield></record>